<?xml version="1.0" encoding="UTF-8"?><collection xmlns="http://www.loc.gov/MARC21/slim"><record><leader>00486nam--2200157-i-4500</leader><controlfield tag="001">000023848</controlfield><controlfield tag="002">20161230</controlfield><controlfield tag="005">20161230201035</controlfield><controlfield tag="008">060222s1000------------r-----000-0-eng-d</controlfield><datafield ind1=" " ind2=" " tag="080"><subfield code="a">517.956.2</subfield></datafield><datafield ind1=" " ind2=" " tag="100"><subfield code="a">Gilbarg, David And Trudinger, Neil S</subfield></datafield><datafield ind1=" " ind2=" " tag="245"><subfield code="a">Elliptic partial differential equations of second order</subfield></datafield><datafield ind1=" " ind2=" " tag="260"><subfield code="a">Berlin,Springer-verlag, 1977. X+401p</subfield></datafield><datafield ind1=" " ind2=" " tag="490"><subfield code="a">Grundlehren Der Mathematischen Wissenschaften 224</subfield></datafield><datafield ind1=" " ind2=" " tag="852"><subfield code="a">46819</subfield><subfield code="c">517.9</subfield></datafield><datafield ind1=" " ind2=" " tag="CAT"><subfield code="a">Sys</subfield><subfield code="c">20090304</subfield><subfield code="h">085218</subfield></datafield></record></collection>